@misc{bubu,
    author = "BuB",
    title = "Bottom-up-Broadband",
    year = "2013",
    howpublished={\url{http://bubforeurope.net/}},
    url = "http://bubforeurope.net/",
    note = "[Online; accessed 21/04/14]"
}

@misc{wifialliance,
    author = "{Wi-Fi Alliance}",
    title = "Who We Are",
    year = "2014",
    howpublished={\url{http://www.wi-fi.org/who-we-are}},
    url = "http://www.wi-fi.org/who-we-are",
    note = "[Online; accessed 28/04/14]"
}

@misc{gowex1,
    author = "GOWEX",
    title = "About Us",
    year = "2014",
    howpublished={\url{http://www.gowex.com/en/about-gowex/about-us/}},
    url = "http://www.gowex.com/en/about-gowex/about-us/",
    note = "[Online; accessed 28/04/14]"
}

@TechReport{informe2013,
  author =       "GOWEX (GOW-MAB, ALGOW-NYSE Alternext, LGWXY-OTC Market)",
  title =        "Informe WiFi 2013",
  institution =  "GOWEX (GOW-MAB, ALGOW-NYSE Alternext, LGWXY-OTC Market)"",
  year =         "2014",
}

@misc{pandorafms,
    author = "{Ártica Soluciones Tecnológicas}",
    title = "Pandora FMS",
    year = "2014",
    howpublished={\url{http://pandorafms.com/index.php?lng=en}},
    url = "http://pandorafms.com/index.php?lng=en",
    note = "[Online; accessed 28/04/14]"
}

@misc{prtg,
    author = "{Paessler AG}",
    title = "PRTG Network Monitor",
    year = "2014",
    howpublished={\url{http://www.paessler.com/prtg}},
    url = "http://www.paessler.com/prtg",
    note = "[Online; accessed 28/04/14]"
}

@misc{nagios,
    author = "{Nagios Enterprises}",
    title = "Nagios",
    year = "2014",
    howpublished={\url{http://www.nagios.org/}},
    url = "http://www.nagios.org/",
    note = "[Online; accessed 28/04/14]"
}

@misc{pi,
    author = "{Raspberry Pi Foundation}",
    title = "What is a Raspberry Pi?",
    year = "2014",
    howpublished={\url{http://www.raspberrypi.org/help/what-is-a-raspberry-pi}},
    url = "http://www.raspberrypi.org/help/what-is-a-raspberry-pi/",
    note = "[Online; accessed 30/04/14]"
}

@misc{server,
    author = "TechTerms.com",
    title = "Server Definition",
    year = "2014",
    howpublished={\url{http://www.techterms.com/definition/server}},
    url = "http://www.techterms.com/definition/server",
    note = "[Online; accessed 05/05/14]"
}

@misc{apache,
    author = "{The Apache Software Foundation}",
    title = "About the Apache HTTP Server Project",
    year = "2014",
    howpublished={\url{http://httpd.apache.org/ABOUT_APACHE.html}},
    url = "http://httpd.apache.org/ABOUT_APACHE.html",
    note = "[Online; accessed 05/05/14]"
}

@misc{ap,
    author = "TechTerms.com",
    title = "Access Point Definition",
    year = "2014",
    howpublished={\url{http://www.techterms.com/definition/accesspoint}},
    url = "http://www.techterms.com/definition/accesspoint",
    note = "[Online; accessed 05/05/14]"
}

@misc{ipa,
    author = "TechTerms.com",
    title = "IP Address Definition",
    year = "2014",
    howpublished={\url{http://www.techterms.com/definition/ipaddress}},
    url = "http://www.techterms.com/definition/ipaddress",
    note = "[Online; accessed 05/05/14]"
}

@misc{icmp,
    author = "J. Postel",
    title = "INTERNET CONTROL MESSAGE PROTOCOL",
    year = "1981",
    howpublished={\url{http://tools.ietf.org/rfc/rfc792.txt}},
    url = "http://tools.ietf.org/rfc/rfc792.txt",
    note = "[Online; accessed 05/05/14]"
}

@misc{mongo,
    author = "{MongoDB, Inc}",
    title = "Introduction to MongoDB ",
    year = "2014",
    howpublished={\url{https://www.mongodb.com/mongodb-overview}},
    url = "https://www.mongodb.com/mongodb-overview",
    note = "[Online; accessed 06/05/14]"
}
@misc{nosql,
    author = "{MongoDB, Inc}",
    title = "NoSQL Databases Explained",
    year = "2014",
    howpublished={\url{http://www.mongodb.com/nosql-explained}},
    url = "http://www.mongodb.com/nosql-explained",
    note = "[Online; accessed 06/05/14]"
}

@misc{bson,
    author = "{Binary JSON}",
    title = "BSON - Binary JSON",
    year = "2014",
    howpublished={\url{http://bsonspec.org/}},
    url = "http://bsonspec.org/",
    note = "[Online; accessed 06/05/14]"
}

@misc{mongocmd,
    author = "{MongoDB, Inc}",
    title = "mongo Shell Methods — MongoDB Manual 2.6.1",
    year = "2014",
    howpublished={\url{http://docs.mongodb.org/manual/reference/method/}},
    url = "http://docs.mongodb.org/manual/reference/method/",
    note = "[Online; accessed 12/05/14]"
}

@misc{html,
    author = "T. Berners-Lee",
    title = "Hypertext Markup Language - 2.0",
    year = "1995",
    howpublished={\url{http://tools.ietf.org/html/rfc1866}},
    url = "http://tools.ietf.org/html/rfc1866",
    note = "[Online; accessed 19/05/14]"
}

@misc{javascript,
    author = "TechTerms.com",
    title = "JavaScript Definition",
    year = "2014",
    howpublished={\url{http://www.techterms.com/definition/javascript}},
    url = "http://www.techterms.com/definition/javascript",
    note = "[Online; accessed 19/05/14]"
}

@misc{php,
    author = "{The PHP Group}",
    title = " PHP: What is PHP? - Manual ",
    year = "2014",
    howpublished={\url{http://www.php.net/manual/en/intro-whatis.php}},
    url = "http://www.php.net/manual/en/intro-whatis.php",
    note = "[Online; accessed 19/05/14]"
}

@misc{snmplibrary,
    author = "SNMP4J.org",
    title = "SNMP4J - Free Open Source SNMP API for Java",
    year = "2014",
    howpublished={\url{http://www.snmp4j.org/}},
    url = "http://www.snmp4j.org/",
    note = "[Online; accessed 29/05/14]"
}

@misc{SNMP,
    author = "J. Case",
    title = "A Simple Network Management Protocol (SNMP)",
    year = "1990",
    howpublished={\url{http://www.ietf.org/rfc/rfc1157.txt}},
    url = "http://www.ietf.org/rfc/rfc1157.txt",
    note = "[Online; accessed 29/05/14]"
}

@misc{Java,
    author = "{Oracle Corporation}",
    title = "A Simple Network Management Protocol (SNMP)",
    year = "2014",
    howpublished={\url{http://www.java.com/en/about/}},
    url = "http://www.java.com/en/about/",
    note = "[Online; accessed 02/06/14]"
}

@misc{guifinet,
    author = "Guifi.net",
    title = "What is guifi ? | guifi.net",
    year = "2014",
    howpublished={\url{http://guifi.net/en/what_is_guifinet}},
    url = "http://guifi.net/en/what_is_guifinet",
    note = "[Online; accessed 05/06/14]"
}

@misc{raspbian,
    author = "{MoinMoin}",
    title = "FrontPage - Raspbian",
    year = "2014",
    howpublished={\url{http://www.raspbian.org/}},
    url = "http://www.raspbian.org/",
    note = "[Online; accessed 06/06/14]"
}

@misc{infowindow,
    author = "{Google Inc}",
    title = "Info Windows - Versión 3 del API de JavaScript de Google Maps — Google Developers",
    year = "2014",
    howpublished={\url{https://developers.google.com/maps/documentation/javascript/infowindows}},
    url = "https://developers.google.com/maps/documentation/javascript/infowindows",
    note = "[Online; accessed 07/06/14]"
}


@misc{DNS,
    author = "D. Eastlake",
    title = "Domain Name System (DNS) IANA Considerations",
    year = "2000",
    howpublished={\url{http://www.ietf.org/rfc/rfc2929.txt}},
    url = "http://www.ietf.org/rfc/rfc2929.txt",
    note = "[Online; accessed 08/06/14]"
}

@misc{opmanager,
    author = "{Zoho Corp}",
    title = "Network Management | Network Monitoring Software - ManageEngine OpManager",
    year = "2014",
    howpublished={\url{http://www.manageengine.com/network-monitoring/}},
    url = "http://www.manageengine.com/network-monitoring/",
    note = "[Online; accessed 09/06/14]"
}



